<?xml version="1.0" encoding="UTF-8"?><collection xmlns="http://www.loc.gov/MARC21/slim"><record><leader>00404nam--2200157-i-4500</leader><controlfield tag="001">000004188</controlfield><controlfield tag="002">20161230</controlfield><controlfield tag="005">20170212002731</controlfield><controlfield tag="008">060222s1000------------r-----000-0-eng-d</controlfield><datafield ind1=" " ind2=" " tag="100"><subfield code="a">Burns, R. M</subfield></datafield><datafield ind1=" " ind2=" " tag="245"><subfield code="a">Protective coating for metals</subfield></datafield><datafield ind1=" " ind2=" " tag="260"><subfield code="a">New York</subfield><subfield code="b">Reinhold Publ.Corp</subfield><subfield code="c">1939</subfield></datafield><datafield ind1=" " ind2=" " tag="300"><subfield code="a">407 p. + 4 p.Monographs</subfield></datafield><datafield ind1=" " ind2=" " tag="700"><subfield code="a">Schuh, A. E</subfield></datafield><datafield ind1=" " ind2=" " tag="852"><subfield code="a">620.193</subfield></datafield><datafield ind1=" " ind2=" " tag="CAT"><subfield code="a">SYS</subfield><subfield code="c">20170212</subfield><subfield code="h">002731</subfield></datafield></record></collection>